@article{krizhevsky2012imagenet,
  title={Imagenet classification with deep convolutional neural networks},
  author={Krizhevsky, Alex and Sutskever, Ilya and Hinton, Geoffrey E},
  journal={Advances in neural information processing systems},
  volume={25},
  year={2012}
}
@article{lecun2015lenet,
  title={LeNet-5, convolutional neural networks},
  author={LeCun, Yann and others},
  journal={URL: http://yann. lecun. com/exdb/lenet},
  volume={20},
  number={5},
  pages={14},
  year={2015}
}
@inproceedings{o2020deep,
  title={Deep learning vs. traditional computer vision},
  author={Oâ€™Mahony, Niall and Campbell, Sean and Carvalho, Anderson and Harapanahalli, Suman and Hernandez, Gustavo Velasco and Krpalkova, Lenka and Riordan, Daniel and Walsh, Joseph},
  booktitle={Advances in Computer Vision: Proceedings of the 2019 Computer Vision Conference (CVC), Volume 1 1},
  pages={128--144},
  year={2020},
  organization={Springer}
}

@article{jain2000statistical,
  title={Statistical pattern recognition: A review},
  author={Jain, Anil K and Duin, Robert P. W. and Mao, Jianchang},
  journal={IEEE Transactions on pattern analysis and machine intelligence},
  volume={22},
  number={1},
  pages={4--37},
  year={2000},
  publisher={Ieee}
}

@book{hart2000pattern,
  title={Pattern classification},
  author={Hart, Peter E and Stork, David G and Duda, Richard O and others},
  year={2000},
  publisher={Wiley Hoboken}
}
